
@inproceedings{bogart_mapping_2015,
	address = {Washington, D.C.},
	title = {Mapping the {Network} of {Scientific} {Software}},
	author = {Bogart, Chris and Howison, James and Herbsleb, James D.},
	month = jun,
	year = {2015},
	pages = {(Abstract Submission)}
}

@article{singh_chawla_unsung_2016,
	title = {The unsung heroes of scientific software},
	volume = {529},
	issn = {0028-0836, 1476-4687},
	url = {http://www.nature.com/doifinder/10.1038/529115a},
	doi = {10.1038/529115a},
	number = {7584},
	urldate = {2016-06-24},
	journal = {Nature},
	author = {Singh Chawla, Dalmeet},
	month = jan,
	year = {2016},
	pages = {115--116}
}

@inproceedings{apaolaza_2016,
  doi = {10.1145/2851581.2892483},
  url = {http://dx.doi.org/10.1145/2851581.2892483},
  year  = {2016},
  publisher = {Association for Computing Machinery ({ACM})},
  author = {Aitor Apaolaza and Robert Haines and Amaia Aizpurua and Andy Brown and Michael Evans and Stephen Jolly and Simon Harper and Caroline Jay},
  title = {{ABC: Using Object Tracking to Automate Behavioural Coding}},
  booktitle = {Proceedings of the 2016 {CHI} Conference Extended Abstracts on Human Factors in Computing Systems - {CHI} {EA} {\textquotesingle}16}
}
